@misc{openai-tokenizer,
  author = {OpenAI},
  title = {Tokenizer},
  year = {2025},
  howpublished = {\url{https://platform.openai.com/tokenizer}},
  note = {Accessed: May 2025}
}

@misc{github-commits,
  author = {GitHub},
  title = {About commits},
  year = {2023},
  howpublished = {\url{https://docs.github.com/en/get-started/using-git/about-commits}},
  note = {Accessed: May 2025}
}

@misc{amazon2024mathematical,
  author       = {{AWS News Blog}},
  title        = {Prevent Factual Errors from LLM Hallucinations with Mathematically Sound Automated Reasoning Checks (Preview)},
  howpublished = {\url{https://aws.amazon.com/blogs/aws/prevent-factual-errors-from-llm-hallucinations-with-mathematically-sound-automated-reasoning-checks-preview/}},
  note         = {Accessed: 2025-05-11},
  year         = {2024}
}

@inproceedings{mirzadeh2025gsmsymbolic,
  title={{GSM}-Symbolic: Understanding the Limitations of Mathematical Reasoning in Large Language Models},
  author={Seyed Iman Mirzadeh and Keivan Alizadeh and Hooman Shahrokhi and Oncel Tuzel and Samy Bengio and Mehrdad Farajtabar},
  booktitle={The Thirteenth International Conference on Learning Representations},
  year={2025},
  url={https://openreview.net/forum?id=AjXkRZIvjB}
}

@inproceedings{CoqDog,
title        = {Proof Repair Utilizing Large Language Models: A Case Study on the Copland Remote Attestation Proofbase},
author       = {Tahat, Amer and Hardin, David and  Petz, Adam and Alexander, Perry},
booktitle    = {Proceedings of International Symposium On Leveraging Applications of Formal Methods Verification and Validation (AISolA)},
series       = "",
volume       = "",
pages        = "",
year         = {2024}
}

@inproceedings{CoqDogHCSS24,
title        = {Metrics for Large Language Model Generated Proofs in a High-Assurance Application Domain},
author       = {Tahat, Amer and Hardin, David and  Petz, Adam and Alexander, Perry},
booktitle    = {High Confidence Software and Systems Conference (HCSS'24)},
series       = "",
volume       = "",
pages        = "",
year         = {2024}
}

@article{polu2020generative,
  title={Generative language modeling for automated theorem proving},
  author={Polu, Stanislas and Sutskever, Ilya},
  journal={arXiv preprint arXiv:2009.03393},
  year={2020}
}

@article{megill2019metamath,
  title={Metamath: A computer language for mathematical proofs},
  author={Megill, Norman and Wheeler, David A},
  year={2019},
  publisher={Metamath}
}

@article{first2023baldur,
  title={Baldur: Whole-proof generation and repair with large language models},
  author={First, Eyal and Rabe, Markus N and Ringer, Thomas and Brun, Yuriy},
  journal={arXiv preprint arXiv:2303.04910},
  year={2023}
}

@article{lewkowycz2022solving,
  title={Solving quantitative reasoning problems with language models},
  author={Lewkowycz, Aitor and Andreassen, Anders and Dohan, David and others},
  journal={arXiv preprint arXiv:2206.14858},
  year={2022}
}

@article{chowdhery2022palm,
  title={PaLM: Scaling language modeling with pathways},
  author={Chowdhery, Aakanksha and Narang, Sharan and Devlin, Jacob and others},
  journal={arXiv preprint arXiv:2204.02311},
  year={2022}
}

@article{zhang2023getting,
  title={Getting more out of large language models for proofs},
  author={Zhang, Shengdong and First, Eyal and Ringer, Thomas},
  journal={arXiv preprint arXiv:2305.04369},
  year={2023}
}

@article{pei2023can,
  title={Can large language models reason about program invariants?},
  author={Pei, Kaizhao and Bieber, Dennis and Shi, Kevin and others},
  journal={Proceedings of the 40th International Conference on Machine Learning},
  month={July},
  year={2023}
}

@article{wu2023lemur,
  title={Lemur: Integrating large language models in automated program verification},
  author={Wu, Hongce and Barrett, Clark and Narodytska, Nina},
  journal={arXiv preprint arXiv:2310.04870},
  year={2023}
}

@article{sun2024clover,
  title={Clover: Closed-loop verifiable code generation},
  author={Sun, Cheng and Sheng, Yuyi and Padon, Oded and Barrett, Clark},
  journal={arXiv preprint arXiv:2310.17807},
  year={2024}
}

@inproceedings{Kelly97:patterns,
	author =       {T. Kelly and J. McDermid},
	title =        {Safety case construction and reuse using patterns},
	booktitle =    {Proceedings of the 1997 International Conference on
	Computer Safety, Reliability, and Security (SAFECOMP)},
	year =         1997
}

@inproceedings{Hawkins11:pattern,
	Title =        {Using a Software Safety Argument Pattern Catalogue:
	Two Case Studies},
	author =       {R. Hawkins and K. Clegg and R. Alexander and T.
	Kelly},
	booktitle =    {Proceedings of the 2011 International Conference on
	Computer Safety, Reliability and Security
	(SAFECOMP)},
	month =        {September},
	year =         2011
}

@inproceedings{Sun11:pattern,
	title =        {Justifying the Validity of Safety Assessment Models
	with Safety Case Patterns},
	author =       {L. Sun and O. Lisagor and T. Kelly},
	booktitle =    {Proceedings of the 6th IET System Safety Conference},
	location =     {Birmingham, UK},
	month =        {September},
	year =         2011
}

@inproceedings{Graydon07:dev,
	author =       {P. Graydon and J. Knight and E. Strunk},
	title =        {Assurance Based Development of Critical Systems},
	booktitle =    {2007 International Symposium on Dependable Systems
	and Networks (DSN)},
	location =     {Edinburgh, Scotland},
	month =        {June},
	year =         2007
}

@book{Bertot:2013aa,
	author = {Bertot, Yves and Cast{\'e}ran, Pierre},
	date-added = {2015-09-15 19:00:08 +0000},
	date-modified = {2015-09-15 19:00:19 +0000},
	publisher = {Springer Science \& Business Media},
	title = {Interactive theorem proving and program development: Coq'Art: the calculus of inductive constructions},
	year = {2013}
}

@inproceedings{Ramsdell:2019aa,
	address = {Prague, Czech Republic},
	author = {Ramsdell, J. and Rowe, P. D. and Alexander, P. and Helble, S. and Loscocco, P. and Pendergrass, J. A. and A. Petz},
	booktitle = {Principles of Security and Trust (POST'19)},
	date-added = {2020-01-06 15:56:37 -0600},
	date-modified = {2020-01-06 15:56:37 -0600},
	month = {April},
	title = {Orchestrating Layered Attestations},
	year = {2019}
}

@article{Coker::Principles-of-R,
	author = {Coker, George and Guttman, Joshua and Loscocco, Peter and Herzog, Amy and Millen, Jonathan and O'Hanlon, Brian and Ramsdell, John and Segall, Ariel and Sheehy, Justin and Sniffen, Brian},
	date-added = {2010-07-10 14:55:38 -0500},
	date-modified = {2012-07-20 13:28:54 +0000},
	journal = {International Journal of Information Security},
	month = {June},
	number = {2},
	pages = {63--81},
	title = {Principles of Remote Attestation},
	volume = {10},
	year = {2011}
}

@inproceedings{Haldar:04:Semantic-Remote,
	address = {San Jose, CA},
	author = {Haldar, Vivek and Chandra, Deepak and Franz, Michael},
	booktitle = {Proceedings of the Third Virtual Machine Research and Technology Symposium},
	date-modified = {2012-08-20 16:58:33 +0000},
	month = {May},
	title = {Semantic Remote Attestation -- A Virtual Machine directed approach to Trusted Computing},
	year = 2004
}

@inproceedings{sel4-sosp09,
  author    = {Gerwin Klein and
               Kevin Elphinstone and
               Gernot Heiser and
               June Andronick and
               David Cock and
               Philip Derrin and
               Dhammika Elkaduwe and
               Kai Engelhardt and
               Rafal Kolanski and
               Michael Norrish and
               Thomas Sewell and
               Harvey Tuch and
               Simon Winwood},
  editor    = {Jeanna Neefe Matthews and
               Thomas E. Anderson},
  title     = {se{L}4: formal verification of an {OS} kernel},
  booktitle = {Proceedings of the 22nd {ACM} Symposium on Operating Systems Principles
               (SOSP)},
  pages     = {207--220},
  publisher = {{ACM}},
  month		= {October},
  year      = {2009}
}

@article{sel4-tocs14,
  author    = {Gerwin Klein and
               June Andronick and
               Kevin Elphinstone and
               Toby C. Murray and
               Thomas Sewell and
               Rafal Kolanski and
               Gernot Heiser},
  title     = {Comprehensive formal verification of an {OS} microkernel},
  journal   = {{ACM} Trans. Comput. Syst.},
  volume    = {32},
  number    = {1},
  pages     = {2:1--2:70},
  year      = {2014}
}

@article{sel4-cacm18,
  author    = {Gerwin Klein and
               June Andronick and
               Matthew Fernandez and
               Ihor Kuz and
               Toby C. Murray and
               Gernot Heiser},
  title     = {Formally verified software in the real world},
  journal   = {Commun. {ACM}},
  volume    = {61},
  number    = {10},
  pages     = {68--77},
  year      = {2018}
}

@manual{OSATE,
 KEY = {OSATE},
 ORGANIZATION = {Software Engineering Institute},
 TITLE = {{OSATE}: Open Source {AADL} Tool Environment},
 URL = {https://osate.org/},
 YEAR = {2021}
}


@inproceedings{gearcase2020,
title        = {Cyber Attack Grammars for Risk-Cost Analysis},
author       = {Patten, T. and Mitchell, D. and Call, C.},
booktitle    = {Proceedings of the 15th International Conference on Cyber Warfare and Security},
series       = "",
volume       = "",
pages        = "",
year         = {2020}
}

@article{dcrypps2019,
  author    = {Robert Laddaga and
               Paul Robertson and
               Howard E. Shrobe and
               Dan Cerys and
               Prakash Manghwani and
               Patrik Meijer},
  title     = {Deriving Cyber-security Requirements for Cyber Physical Systems},
  journal   = {CoRR},
  year      = {2019},
  url       = {http://arxiv.org/abs/1901.01867},
  archivePrefix = {arXiv},
  eprint    = {1901.01867}
}

@inProceedings{resolute-destion,
  author     = {Isaac Amundson and Darren Cofer},
  title      = {Resolute Assurance Arguments for Cyber Assured Systems Engineering},
  booktitle  = {Design Automation for Cyber-Physical Systems and Internet of Things (DESTION)},
  year       = {2021},
  month      = {May}
}

@inProceedings{resolint,
	author     = {Isaac Amundson},
	title      = {Checking Compliance of {AADL} Models with Modeling Guidelines using {R}esolint},
	booktitle  = {SAE Technical Paper 2023-01-0995},
	year       = {2023},
	month      = {March}
}

@inProceedings{copland-attestation,
  author     = {Adam Petz and Perry Alexander},
  title      = {An Infrastructure for Faithful Execution of Remote Attestation Protocols},
  booktitle  = {Proceedings of the 13th {NASA} Formal Methods Symposium (NFM 2021)},
  year       = {2021},
  month      = {May}
}

@inProceedings{copland-verification,
  author     = {Adam Petz and Grant Jurgensen and Perry Alexander},
  title      = {Design and Formal Verification of a {C}opland-based Attestation Protocol},
  booktitle  = {ACM/IEEE International Conference on Formal Methods and Models for System Design (MEMOCODE 2021)},
  year       = {2021},
  month      = {November}
}

@inProceedings{case-verified-filter,
  author    = {David S. Hardin and Konrad L. Slind and Johannes {\AA}man Pohjola and Michael Sproul},
  title     = {Synthesis of Verified Architectural Components for Autonomy
  Hosted on a Verified Microkernel},
  booktitle = {Proceedings of the 53rd Hawaii International Conference on System Sciences},
  pages     = {6365--6374},
  month     = {January},
  year      = {2020}
}

@inProceedings{hardin-co-assurance,
  author    = {David S. Hardin},
  title     = {Verified Hardware/Software Co-Assurance: Enhancing Safety and Security for Critical Systems},
  booktitle = {Proceedings of the 2020 {IEEE} Systems Conference},
  year      = {2020}
}

@inProceedings{formal-filter-synth-langsec,
  author     = {David S. Hardin and Konrad L. Slind},
  title      = {Formal Synthesis of Filter Components for Use in Security-Enhancing Architectural Transformations},
  booktitle  = {Proceedings of the Seventh Workshop on Language-Theoretic Security, 42nd {IEEE} Symposium and Workshops on Security and Privacy ({L}ang{S}ec 2021)},
  year       = {2021},
  month      = {May}
}

@inProceedings{contiguity-types,
  author     = {Konrad L. Slind},
  title      = {Specifying Message Formats with {C}ontiguity {T}ypes},
  booktitle  = {Proceedings of the Twelfth International Conference on Interactive Theorem Proving (ITP 2021)},
  year       = {2021},
  month      = {June}
}


@inProceedings{case-models-2021,
  author     = {Eric Mercer and Konrad Slind and Isaac Amundson and Darren Cofer and Junaid Babar and David Hardin},
  title      = {Synthesizing Verified Components for Cyber Assured Systems Engineering},
  booktitle  = {24th International Conference on Model-Driven Engineering Languages and Systems (MODELS)},
  year       = {2021},
  month      = {October}
}

@inproceedings{model-based-decomposition,
	author = {Ayoub, Anaheed and Kim, BaekGyu and Lee, Insup and Sokolsky, Oleg},
	year = {2012},
	month = {April},
	pages = {141-146},
	title = {A Safety Case Pattern for Model-Based Development Approach}
}

@InProceedings{compositional-analysis-agree,
	author = {Cofer, Darren
		and Gacek, Andrew
		and Miller, Steven
		and Whalen, Michael W.
		and LaValley, Brian
		and Sha, Lui},
	editor = {Goodloe, Alwyn E.
		and Person, Suzette},
	title = {Compositional Verification of Architectural Models},
	booktitle = {NASA Formal Methods},
	year = {2012},
	publisher = {Springer},
	pages = {126--140}
}

@inproceedings{hamr,
  author    = {John Hatcliff and
               Jason Belt and
               Robby and
               Todd Carpenter},
  title     = {{HAMR}: An {AADL} Multi-Platform Code Generation Toolset},
  year      = {2021},
  series    = {LNCS},
  volume    = {13036},
  booktitle = {10th International Symposium on Leveraging Applications of Formal Methods, Verification and Validation ({ISoLA})},
  pages     = {274--295}
}


@inproceedings{slang,
  author    = {Robby and
               John Hatcliff},
  title     = {{Slang}: The {Sireum} Programming Language},
  year      = {2021},
  series    = {LNCS},
  volume    = {13036},
  booktitle = {10th International Symposium on Leveraging Applications of Formal Methods, Verification and Validation ({ISoLA})},
  pages     = {253--273}
}

@article{awas,
  author    = {Hariharan Thiagarajan and
               John Hatcliff and
               Robby},
  title     = {Awas: {AADL} Information Flow and Error Propagation Analysis Framework},
  journal   = {Innovations in Systems and Software Engineering {(ISSE)}},
  year      = {2021},
}

@article{HACMS,
	author    = {Darren D. Cofer and
	Andrew Gacek and
	John Backes and
	Michael W. Whalen and
	Lee Pike and
	Adam Foltzer and
	Michal Podhradsky and
	Gerwin Klein and
	Ihor Kuz and
	June Andronick and
	Gernot Heiser and
	Douglas Stuart},
	title     = {A Formal Approach to Constructing Secure Air Vehicle Software},
	journal   = {Computer},
	volume    = {51},
	number    = {11},
	pages     = {14--23},
	year      = {2018}
}

@Book{GSNv2,
	key =          {GSN},
	author =       "SCSC-141B",
	title =        "Goal Structuring Notation Community Standard (Version 2)",
	publisher =    "The Assurance Case Working Group",
	year =         2018,
}

@Book{GSNv3,
	key =          {GSN},
	author =       "SCSC-141C",
	title =        "Goal Structuring Notation Community Standard (Version 3)",
	publisher =    "The Assurance Case Working Group",
	year =         2021,
}

@inproceedings{resolute2014,
	author    = {Andrew Gacek and
	John Backes and
	Darren D. Cofer and
	Konrad Slind and
	Mike Whalen},
	editor    = {Michael Feldman and
	S. Tucker Taft},
	title     = {Resolute: an assurance case language for architecture models},
	booktitle = {Proceedings of the 2014 {ACM} SIGAda annual conference on High integrity
	language technology (HILT)},
	pages     = {19--28},
	publisher = {{ACM}},
	month     = {October},
	year      = {2014}

}

@inproceedings{johannes:repeat,
  author    = {Johannes {\AA}man Pohjola and
               Henrik Rostedt and
               Magnus O. Myreen},
  editor    = {John Harrison and
               John O'Leary and
               Andrew Tolmach},
  title     = {Characteristic Formulae for Liveness Properties of Non-Terminating
               {CakeML} Programs},
  booktitle = {10th International Conference on Interactive Theorem Proving, {ITP}
               2019, September 9-12, 2019, Portland, OR, {USA}},
  series    = {LIPIcs},
  volume    = {141},
  pages     = {32:1--32:19},
  publisher = {Schloss Dagstuhl - Leibniz-Zentrum f{\"{u}}r Informatik},
  year      = {2019}
}

@inproceedings{cakeml,
  author    = {Ramana Kumar and
               Magnus O. Myreen and
               Michael Norrish and
               Scott Owens},
  editor    = {Suresh Jagannathan and
               Peter Sewell},
  title     = {{CakeML}: a verified implementation of {ML}},
  booktitle = {The 41st Annual {ACM} {SIGPLAN-SIGACT} Symposium on Principles of
               Programming Languages, (POPL)},
  pages     = {179--192},
  publisher = {{ACM}},
  month     = {January},
  year      = {2014}
}

@INPROCEEDINGS{lustre,
    author = {P. Caspi and D. Pilaud and N. Halbwachs and J. A. Plaice},
    title = {{LUSTRE}: A declarative language for programming synchronous systems},
    booktitle = {In 14th Symposium on Principles of Programming Languages (POPL’87). ACM},
    year = {1987}
}

@inproceedings{hol4:overview,
  author    = {K. Slind and M. Norrish},
  title     = {A Brief Overview of {HOL4}},
  booktitle = {Proceedings of TPHOLs},
  series    = {LNCS},
  volume    = {5170},
  year      = {2008},
  pages     = {28-32}
}

@book{SML97,
   AUTHOR    = {R. Milner and M. Tofte and R. Harper and D. MacQueen},
   TITLE     = {The Definition of Standard ML (Revised)},
   YEAR      = 1997,
   PUBLISHER = {The MIT Press}
}

@book{feiler-aadl,
author = {Feiler, Peter H. and Gluch, David P.},
title = {Model-Based Engineering with AADL: An Introduction to the SAE Architecture Analysis \& Design Language},
year = {2012},
isbn = {0321888944},
publisher = {Addison-Wesley Professional},
edition = {1st}
}

@inproceedings{dmils,
	author = {Hawkins, Richard and Kelly, Tim and Habli, Ibrahim},
	booktitle = {International Workshop on MILS: Architecture and Assurance for Secure Systems},
	year = {2015},
	title = {Developing Assurance Cases for {D-MILS} Systems}
}

@ARTICLE {case-at-scale,
	author = {D. Cofer and I. Amundson and J. Babar and D. Hardin and K. Slind and P. Alexander and J. Hatcliff and Robby and G. Klein and C. Lewis and E. Mercer and J. Shackleton},
	journal = {IEEE Security \& Privacy},
	title = {Cyberassured Systems Engineering at Scale},
	year = {2022},
	volume = {20},
	number = {03},
	issn = {1558-4046},
	pages = {52-64},
	abstract = {Our team has developed a model-based systems engineering environment that integrates formal methods at all levels of system design. Our methodology and tools enable systems engineers to address cybersecurity concerns early in the development of complex high-assurance systems.},
	keywords = {computational modeling;codes;modeling;contracts;analytical models;software;computer architecture},
	publisher = {IEEE Computer Society},
	address = {Los Alamitos, CA, USA},
	month = {May}
}

@article{advocate,
	author = {Denney, Ewen and Pai, Ganesh},
	year = {2018},
	month = {September},
	pages = {},
	title = {Tool Support for Assurance Case Development},
	volume = {25},
	journal = {Automated Software Engineering}
}

@inproceedings{Denney13:pattern,
	author =       {E. Denney and G. Pai},
	title =        {A Formal Basis for Safety Case Patterns},
	booktitle =    {Proceedings of the 2013 International Conference on
	Computer Safety, Reliability and Security (SAFECOMP)},
	location =     {Toulouse, France},
	month =        {September},
	year =         2013
}

@Article{verdict,
	AUTHOR = {Meng, Baoluo and Larraz, Daniel and Siu, Kit and Moitra, Abha and Interrante, John and Smith, William and Paul, Saswata and Prince, Daniel and Herencia-Zapana, Heber and Arif, M. Fareed and Yahyazadeh, Moosa and Tekken Valapil, Vidhya and Durling, Michael and Tinelli, Cesare and Chowdhury, Omar},
	TITLE = {VERDICT: A Language and Framework for Engineering Cyber Resilient and Safe System},
	JOURNAL = {Systems},
	VOLUME = {9},
	YEAR = {2021},
	NUMBER = {1},
	ARTICLE-NUMBER = {18}
}

@online{BriefCASE-project,
	author = {{Collins Aerospace}},
	title = {{BriefCASE}},
	date = {February 2023},
	url = {http://loonwerks.com/projects/case.html},
	lastaccessed = {February 2023}
}

@online{capec,
	author = {{MITRE}},
	title = {Common Attack Pattern Enumerations and Classifications},
	date = {February 2023},
	url = {https://capec.mitre.org/},
	lastaccessed = {February 2023}
}

@book{do-178c,
	AUTHOR    = {RTCA},
	TITLE     = {Software considerations in airborne systems and equipment certification},
	YEAR      = 2011
}

@article{hamr-sel4,
	author = {Belt, Jason and Hatcliff, John and Robby and Shackleton, John and Carciofini, Jim and Carpenter, Todd and Mercer, Eric and Amundson, Isaac and Babar, Junaid and Cofer, Darren and Hardin, David and Hoech, Karl and Slind, Konrad and Kuz, Ihor and Mcleod, Kent},
	title = {Model-Driven Development for the se{L}4 Microkernel Using the {HAMR} Framework},
	year = {2023},
	issue_date = {Jan 2023},
	publisher = {Elsevier North-Holland, Inc.},
	address = {USA},
	volume = {134},
	number = {C},
	issn = {1383-7621},
	journal = {Journal of Systems Architecture},
	month = {February}
}

@article{AMASS,
	title = {Assurance and certification of cyber–physical systems: The {AMASS} open source ecosystem},
	journal = {Journal of Systems and Software},
	volume = {171},
	year = {2021},
	doi = {https://doi.org/10.1016/j.jss.2020.110812},
	author = {Jose Luis {de la Vara} and Alejandra Ruiz and Gaël Blondelle}
}

@manual{DO-333,
	title  = "DO-333: Formal Methods Supplement to DO-178C and DO-278A",
	author = "RTCA",
	month = "December",
	year   = "2011"
}

@InProceedings{davis-fmics13,
	author={Davis, Jennifer A.
	and Clark, Matthew
	and Cofer, Darren
	and Fifarek, Aaron
	and Hinchman, Jacob
	and Hoffman, Jonathan
	and Hulbert, Brian
	and Miller, Steven P.
	and Wagner, Lucas},
	editor={Pecheur, Charles and Dierkes, Michael},
	title={Study on the Barriers to the Industrial Adoption of Formal Methods},
	booktitle={Formal Methods for Industrial Critical Systems},
	year={2013},
	publisher={Springer Berlin Heidelberg},
	pages={63--77}
}

@article{cex-explanation,
	title = {A systematic literature review on counterexample explanation},
	journal = {Information and Software Technology},
	volume = {145},
	year = {2022},
	author = {Arut Prakash Kaleeswaran and Arne Nordmann and Thomas Vogel and Lars Grunske}
}

@inproceedings{martins-ersa23,
	author={Martins, Ruben},
	title={Transforming Logic into Language: Bridging the Gap with Large Language Models},
	booktitle={2nd International Workshop on Explainability of Real-time Systems and their Analysis (ERSA'23)},
	month={December}, 
	year={2023}
}